@article{coskun2013survey,
  title={A survey on near field communication (NFC) technology},
  author={Coskun, Vedat and Ozdenizci, Busra and Ok, Kerem},
  journal={Wireless personal communications},
  volume={71},
  number={3},
  pages={2259--2294},
  year={2013},
  publisher={Springer}
}

@inproceedings{ok2011exploring,
  title={Exploring underlying values of NFC applications},
  author={Ok, Kerem and Aydin, Mehmet N and Coskun, Vedat and Ozdenizci, Busra},
  booktitle={Proceedings of the Third International Conference on Information and Financial Engineering, Singapore},
  pages={290--294},
  year={2011}
}